@article{moller1997fast,
  title={Fast, minimum storage ray-triangle intersection},
  author={M{\"o}ller, Tomas and Trumbore, Ben},
  journal={Journal of graphics tools},
  volume={2},
  number={1},
  pages={21--28},
  year={1997},
  publisher={Taylor \& Francis}
}

@inproceedings{colbert2010importance,
  title={Importance sampling for production rendering},
  author={Colbert, Mark and Premoze, Simon and Fran{\c{c}}ois, Guillaume},
  booktitle={ACM SIGGRAPH},
  year={2010}
}

@inproceedings{kajiya1986rendering,
  title={The rendering equation},
  author={Kajiya, James T},
  booktitle={Proceedings of the 13th annual conference on Computer graphics and interactive techniques},
  pages={143--150},
  year={1986}
}

@book{lambert1760jh,
  title={JH Lambert,... Photometria, sive de Mensura et gradibus luminis, colorum et umbrae},
  author={Lambert, Jean-Henri},
  year={1760},
  publisher={sumptibus viduae E. Klett}
}

@inproceedings{burley2012physically,
  title={Physically-based shading at disney},
  author={Burley, Brent and Studios, Walt Disney Animation},
  booktitle={ACM SIGGRAPH},
  volume={2012},
  pages={1--7},
  year={2012},
  organization={vol. 2012}
}

@inproceedings{veach1995optimally,
  title={Optimally combining sampling techniques for Monte Carlo rendering},
  author={Veach, Eric and Guibas, Leonidas J},
  booktitle={Proceedings of the 22nd annual conference on Computer graphics and interactive techniques},
  pages={419--428},
  year={1995}
}

@book{pharr2016physically,
  title={Physically based rendering: From theory to implementation},
  author={Pharr, Matt and Jakob, Wenzel and Humphreys, Greg},
  year={2016},
  publisher={Morgan Kaufmann}
}

@inproceedings{wald2007fast,
  title={On fast construction of SAH-based bounding volume hierarchies},
  author={Wald, Ingo},
  booktitle={2007 IEEE Symposium on Interactive Ray Tracing},
  pages={33--40},
  year={2007},
  organization={IEEE}
}

@article{shirley2016ray,
  title={Ray tracing in one weekend},
  author={Shirley, Peter},
  journal={Amazon Digital Services LLC},
  volume={1},
  year={2016}
}